@Article{Gerbaudo2018,
  author = {Paolo Gerbaudo},
  title = {Social Media and Populism: An elective affinity},
  journal = {Media Culture & Society},
  Year = 2018,
  Pages = {745-753}}
