@techreport{DisWiki,
    author = {Wikipedia},
    title = {Disinformation},
}
@article{wardle2018information,
  title={Information disorder: The essential glossary},
  author={Wardle, Claire and others},
  journal={Harvard, MA: Shorenstein Center on Media, Politics, and Public Policy, Harvard Kennedy School},
  year={2018}
}
@article{Unesco,
    author = {UNESCO IPSOS},
    title = {Survey on the impact of online disinformation and hate speech},
    journal = {www.unesco.org},
    year = {2023}
}
