@article{mcculloch1943logical,
  title={A logical calculus of the ideas immanent in nervous activity},
  author={McCulloch, Warren S and Pitts, Walter},
  journal={The bulletin of mathematical biophysics},
  volume={5},
  pages={115--133},
  year={1943},
  publisher={Springer}
}

@misc{AnacSite,
	title = {{ANAC} {\textbar} {Home} page - www.anticorruzione.it},
        year = {2023}}

@misc{ChiomentiPA,
	title = {Il nuovo {Codice} dei contratti pubblici: tra digitalizzazione e cybersecurity},
	language = {Italian},
	journal = {Linkedin},
	author = {Chiomenti},
	month = apr,
	year = {2023}}
@misc{OECD_AI,
	title = {Number of investments, \textsc{OECD.AI}},
	abstract = {Consult live data from OECD.AI partners help understand trends in AI in research, employment, development and other domains.},
	language = {en}
}
@misc{OECD_AI2,
	title = {Sum of investments, \textsc{OECD.AI}},
	abstract = {Consult live data from OECD.AI partners help understand trends in AI in research, employment, development and other domains.},
	language = {en}
}
@misc{PA_Digitale_AI,
	title = {Cosa sappiamo e cosa cambierà per la {Pubblica} {Amministrazione} con l’{AI} {ACT}?},
	journal = {La PA Digitale Linkedin},
	month = dec,
	year = {2023}
}
@misc{marchetti_ai_2023,
	title = {{AI} {Act}, l'esperto: "{Accordo} storico, ma serviranno due anni per l'attuazione"},
	abstract = {Il trilogo dell'Unione Europea ha trovato la quadra sul primo regolamento al mondo per l'utilizzo delle intelligenze artificiali. Ma è solo uno degli step},
	language = {it},
	author = {Marchetti, Dario},
	month = dec,
	year = {2023}
}
@misc{La_repubblica,
	title = {Ai {Act}, sulle regole per l’intelligenza artificiale raggiunto l’accordo in {Europa}. {Breton}: “{Momento} storico, guideremo la corsa”},
	abstract = {Disposizioni vincolanti su trasparenza e sicurezza per i grandi modelli come quelli di Google e OpenAI. Il riconoscimento facciale possibile solo per reati gra…},
	language = {it},
	journal = {la Repubblica},
	month = dec,
	year = {2023}
}
@misc{AttuazionePNRR,
	title = {Com'è stato il 2023 per la {PA} {Digitale}?},
	journal = {PA Digitale Linkedin},
	month = dec,
	year = {2023}
}
@misc{nast_se_2023,
	title = {Se generi un'immagine con l'{AI} consumi quanto una ricarica completa dello smartphone},
	abstract = {Uno studio ha calcolato quanta elettricità utilizzano i data center},
	language = {it-IT},
	journal = {Wired Italia},
	author = {Nast, Condé},
	month = dec,
	year = {2023}
}
