@article{IBM2021,
    author = {IBM},
    title = {Cosa sono le reti neurali?},
    journal = {Ibm.com},
    year = 2021
}
@article{AWS2022,
    author = {Amazon},
    title = {Cos'Ã¨ il deep learning?},
    journal = {https://aws.amazon.com/},
    year = 2022
}
